@ARTICLE{Figueredo:2009dg,
   author = {Figueredo, A.~J. and Wolf, P. S.~A.},
   title = {Assortative pairing and life history strategy - a cross-cultural study.},
   journal = {Human Nature},
   volume = {20},
   pages = {317-330},
   year = {2009}
}
@article{Takahashi2016,
  doi = {10.1126/science.aah6066},
  url = {https://doi.org/10.1126/science.aah6066},
  year  = {2016},
  month = {dec},
  publisher = {American Association for the Advancement of Science ({AAAS})},
  volume = {354},
  number = {6319},
  pages = {1587--1590},
  author = {Naoya Takahashi and Thomas G. Oertner and Peter Hegemann and Matthew E. Larkum},
  title = {Active cortical dendrites modulate perception},
  journal = {Science}
}
@article{Larkum1999,
  doi = {10.1038/18686},
  url = {https://doi.org/10.1038/18686},
  year  = {1999},
  month = {mar},
  publisher = {Springer Nature},
  volume = {398},
  number = {6725},
  pages = {338--341},
  author = {Matthew E. Larkum and J. Julius Zhu and Bert Sakmann},
  title = {A new cellular mechanism for coupling inputs arriving at different cortical layers},
  journal = {Nature}
}
@article{Larkum2013,
  doi = {10.1016/j.tins.2012.11.006},
  url = {https://doi.org/10.1016/j.tins.2012.11.006},
  year  = {2013},
  month = {mar},
  publisher = {Elsevier {BV}},
  volume = {36},
  number = {3},
  pages = {141--151},
  author = {Matthew Larkum},
  title = {A cellular mechanism for cortical associations: an organizing principle for the cerebral cortex},
  journal = {Trends in Neurosciences}
}
@article{Mante2013,
  doi = {10.1038/nature12742},
  url = {https://doi.org/10.1038/nature12742},
  year  = {2013},
  month = {nov},
  publisher = {Springer Nature},
  volume = {503},
  number = {7474},
  pages = {78--84},
  author = {Valerio Mante and David Sussillo and Krishna V. Shenoy and William T. Newsome},
  title = {Context-dependent computation by recurrent dynamics in prefrontal cortex},
  journal = {Nature}
}